%%%%%%%%%%%%%%%%%%%%%%%%%%%%%%%%%%%%%%%%%%%%%%%%%%%%%%%%%%%%%%%%%%%%%%%%%%%%%%%%
%%
%% Список литературы
%%
%%%%%%%%%%%%%%%%%%%%%%%%%%%%%%%%%%%%%%%%%%%%%%%%%%%%%%%%%%%%%%%%%%%%%%%%%%%%%%%%

@techreport{haskell,
    author = {Simon Marlow},
    title = {Haskell 2010 Language Report},
    year = 2010,
    url = {https://www.haskell.org/onlinereport/haskell2010/}
}

@online{sip-13,
    author = {Josh Suereth},
    title = {SIP-13 - Implicit classes},
    url = {http://docs.scala-lang.org/sips/completed/implicit-classes.html},
    language = {russian},
    urldate = {\today}
}

@online{implicits-resolution,
    title = {Where does Scala look for implicits?},
    language = {russian},
    url = {http://docs.scala-lang.org/tutorials/FAQ/finding-implicits},
    urldate = {\today}
}

@online{context-bounds,
    title = {What are Scala context bounds?},
    language = {russian},
    url = {http://docs.scala-lang.org/tutorials/FAQ/context-bounds},
    urldate = {\today}
}

@inproceedings{WadlerB89,
  title={How to make ad-hoc polymorphism less ad hoc},
  author={Wadler, Philip and Blott, Stephen},
  booktitle={Proceedings of the 16th ACM SIGPLAN-SIGACT symposium on Principles of programming languages},
  pages={60--76},
  year={1989},
  organization={ACM}
}

@inproceedings{JonesJM97,
  title={Type classes: an exploration of the design space},
  author={Jones, Simon Peyton and Jones, Mark and Meijer, Erik},
  booktitle={Haskell workshop},
  pages={1--16},
  year={1997}
}

@misc{OderskyACE07,
  title={The Scala language specification},
  author={Odersky, Martin and Altherr, Philippe and Cremet, Vincent and Emir, Burak and Micheloud, Stphane and Mihaylov, Nikolay and Schinz, Michel and Stenman, Erik and Zenger, Matthias},
  year={2007},
  publisher={version 2.4. Technical report, Programming Methods Laboratory, EPFL}
}

@inproceedings{LewisLMS00,
 author = {Lewis, Jeffrey R. and Launchbury, John and Meijer, Erik and Shields, Mark B.},
 title = {Implicit Parameters: Dynamic Scoping with Static Types},
 booktitle = {Proceedings of the 27th ACM SIGPLAN-SIGACT Symposium on Principles of Programming Languages},
 series = {POPL '00},
 year = {2000},
 isbn = {1-58113-125-9},
 location = {Boston, MA, USA},
 pages = {108--118},
 numpages = {11},
 url = {http://doi.acm.org/10.1145/325694.325708},
 doi = {10.1145/325694.325708},
 acmid = {325708},
 publisher = {ACM},
 address = {New York, NY, USA},
} 

@inproceedings{Odersky06,
  title={Poor man’s type classes},
  author={Odersky, Martin},
  booktitle={Presentation at the meeting of IFIP WG},
  volume={2},
  year={2006}
}

@inproceedings{OliveiraMO10,
 author = {Oliveira, Bruno C.d.S. and Moors, Adriaan and Odersky, Martin},
 title = {Type Classes As Objects and Implicits},
 booktitle = {Proceedings of the ACM International Conference on Object Oriented Programming Systems Languages and Applications},
 series = {OOPSLA '10},
 year = {2010},
 isbn = {978-1-4503-0203-6},
 location = {Reno/Tahoe, Nevada, USA},
 pages = {341--360},
 numpages = {20},
 url = {http://doi.acm.org/10.1145/1869459.1869489},
 doi = {10.1145/1869459.1869489},
 acmid = {1869489},
 publisher = {ACM},
 address = {New York, NY, USA},
 keywords = {abstract datatypes, c++ concepts, scala, type classes},
} 


@book{AbrahamsG04,
  title={C++ Template Metaprogramming: Concepts, Tools, and Techniques from Boost and Beyond, Portable Documents},
  author={Abrahams, David and Gurtovoy, Aleksey},
  year={2004},
  publisher={Pearson Education}
}

@book{Alexandrescu01,
  title={Modern C++ design: generic programming and design patterns applied},
  author={Alexandrescu, Andrei},
  year={2001},
  publisher={Addison-Wesley}
}

@online{kotlin,
    title = {Kotlin Language Documentation},
    language = {russian},
    url = {https://kotlinlang.org/docs/kotlin-docs.pdf},
    urldate = {\today}
}

@book{Martin03,
 author = {Martin, Robert Cecil},
 title = {Agile Software Development: Principles, Patterns, and Practices},
 year = {2003},
 isbn = {0135974445},
 publisher = {Prentice Hall PTR},
 address = {Upper Saddle River, NJ, USA},
} 

@online{kotlin-coding-conventions,
    title = {Coding Conventions},
    language = {russian},
    url = {https://kotlinlang.org/docs/reference/coding-conventions.html},
    urldate = {\today}
}

@book{Stroustrup13,
  title={The \cpp programming language},
  author={Stroustrup, Bjarne},
  year={2013},
  publisher={Pearson Education}
}


%%%%%%%%%%%%%%%%%%%%%%%%%%%%%%%%%%%%%%%%%%%%%%%%%%%%%%%%%%%%%%%%%%%%%%%%%%%%%%%%
